@article{toh1999,
  author={Toh, K. C. and Todd, M. J. and T{\"u}t{\"u}nc{\"u}, R. H.},
  title={{SDPT3} -- A {MATLAB} software package for semidefinite programming},
  journal={Optimization Methods and Software},
  volume={11},
  number={1--4},
  pages={545--581},
  year={1999},
  publisher={Taylor \& Francis},
  doi={10.1080/10556789908805762}
}

@article{tutuncu2003,
  author={T{\"u}t{\"u}nc{\"u}, R. H. and Toh, K. C. and Todd, M. J.},
  title={Solving semidefinite-quadratic-linear programs using {SDPT3}},
  journal={Mathematical Programming},
  volume={95},
  number={2},
  pages={189--217},
  year={2003},
  publisher={Springer},
  note={Ser. B},
  doi={10.1007/s10107-002-0347-5}
}

@article{todd1998,
  author={Todd, M. J. and Toh, K. C. and T{\"u}t{\"u}nc{\"u}, R. H.},
  title={On the {Nesterov--Todd} Direction in Semidefinite Programming},
  journal={SIAM Journal on Optimization},
  volume={8},
  number={3},
  pages={769--796},
  year={1998},
  doi={10.1137/S105262349630060X}
}

@manual{tutuncu2001,
  author={T{\"u}t{\"u}nc{\"u}, R. H. and Toh, K. C. and Todd, M. J.},
  title={{SDPT3}: A {MATLAB} software package for semidefinite-quadratic-linear programming, version 3.0},
  year={2001},
  url={https://www.math.cmu.edu/~reha/Pss/guide3.0.pdf},
  note={Accessed: 2025-08-31}
}

@inbook{Toh2012,
  author={Toh, K. C. and Todd, M. J. and T{\"u}t{\"u}nc{\"u}, R. H.},
  editor={Anjos, M. F. and Lasserre, J. B.},
  title={On the Implementation and Usage of {SDPT3} -- A {MATLAB} Software Package for Semidefinite-Quadratic-Linear Programming, Version 4.0},
  booktitle={Handbook on Semidefinite, Conic and Polynomial Optimization},
  year={2012},
  publisher={Springer},
  address={New York, NY},
  pages={715--754},
  doi={10.1007/978-1-4614-0769-0_25}
}


@techreport{Freund1994,
  author={Freund, R. W. and Nachtigal, N. M.},
  title={A new Krylov-subspace method for symmetric indefinite linear systems},
  institution={Oak Ridge National Lab.},
  number={ORNL/TM-12754},
  year={1994},
  doi={10.2172/10190810}
}

@article{Alizadeh1998,
  author={Alizadeh, F. and Haeberly, J. P. A. and Overton, M. L.},
  title={Primal-Dual Interior-Point Methods for Semidefinite Programming: Convergence Rates, Stability and Numerical Results},
  journal={SIAM Journal on Optimization},
  volume={8},
  number={3},
  pages={746--768},
  year={1998},
  doi={10.1137/S1052623496304700}
}

@article{Helmberg1996,
  author={Helmberg, C. and Rendl, F. and Vanderbei, R. J. and Wolkowicz, H.},
  title={An Interior-Point Method for Semidefinite Programming},
  journal={SIAM Journal on Optimization},
  volume={6},
  number={2},
  pages={342--361},
  year={1996},
  doi={10.1137/0806020}
}

@article{Kojima1997,
  author={Kojima, M. and Shindoh, S. and Hara, S.},
  title={Interior-Point Methods for the Monotone Semidefinite Linear Complementarity Problem in Symmetric Matrices},
  journal={SIAM Journal on Optimization},
  volume={7},
  number={1},
  pages={86--125},
  year={1997},
  doi={10.1137/S1052623494269035}
}

@article{Mehrotra1992,
  author={Mehrotra, S.},
  title={On the Implementation of a Primal-Dual Interior Point Method},
  journal={SIAM Journal on Optimization},
  volume={2},
  number={4},
  pages={575--601},
  year={1992},
  doi={10.1137/0802028}
}


@article{Monteiro1997,
  author={Monteiro, R. D. C.},
  title={Primal--Dual Path-Following Algorithms for Semidefinite Programming},
  journal={SIAM Journal on Optimization},
  volume={7},
  number={3},
  pages={663--678},
  year={1997},
  doi={10.1137/S1052623495293056}
}

@article{Nesterov1997,
  author={Nesterov, Y. E. and Todd, M. J.},
  title={Self-scaled barriers and interior-point methods for convex programming},
  journal={Mathematics of Operations Research},
  volume={22},
  number={1},
  pages={1--18},
  year={1997},
  doi={10.1287/moor.22.1.1}
}

@book{Faraut1994,
  author={Faraut, J. and Koranyi, A.},
  title={Analysis on Symmetric Cones},
  series={Oxford Mathematical Monographs},
  publisher={Clarendon Press},
  year={1994},
  isbn={978-0198534778}
}

@book{Nesterov1994,
  author={Nesterov, Y. and Nemirovskii, A.},
  title={Interior-Point Polynomial Algorithms in Convex Programming},
  publisher={SIAM},
  year={1994},
  doi={10.1137/1.9781611970791}
}

@book{Golub2013,
  author={Golub, G. H. and Van Loan, C. F.},
  title={Matrix Computations},
  edition={4th},
  publisher={Johns Hopkins University Press},
  address={Baltimore, MD},
  year={2013},
  isbn={978-1421407944}
}

@article{Fujisawa1997,
  author={Fujisawa, K. and Kojima, M. and Nakata, K.},
  title={Exploiting sparsity in primal-dual interior-point methods for semidefinite programming},
  journal={Mathematical Programming},
  volume={79},
  number={1--3},
  pages={235--253},
  year={1997},
  doi={10.1007/BF02614319}
}

@book{Wright1997,
  author={Wright, S. J.},
  title={Primal-Dual Interior-Point Methods},
  publisher={SIAM},
  year={1997},
  doi={10.1137/1.9781611971453}
}

@book{Boyd2004,
  author={Boyd, S. and Vandenberghe, L.},
  title={Convex Optimization},
  publisher={Cambridge University Press},
  year={2004},
  isbn={978-0521833783}
}

@article{Lobo1998,
  author={Lobo, M. S. and Vandenberghe, L. and Boyd, S. and Lebret, H.},
  title={Applications of Second-Order Cone Programming},
  journal={Linear Algebra and its Applications},
  volume={284},
  number={1--3},
  pages={193--228},
  year={1998},
  doi={10.1016/S0024-3795(98)10032-0}
}

@article{Vandenberghe1996,
  author={Vandenberghe, L. and Boyd, S.},
  title={Semidefinite Programming},
  journal={SIAM Review},
  volume={38},
  number={1},
  pages={49--95},
  year={1996},
  doi={10.1137/1038003}
}

@article{Renegar2001,
  author={Renegar, J.},
  title={A Mathematical View of Interior-Point Methods in Convex Optimization},
  publisher={SIAM},
  year={2001},
  isbn={978-0898714777}
}

@article{vanderVorst1992,
  author={van der Vorst, H. A.},
  title={Bi-CGSTAB: A Fast and Smoothly Converging Variant of Bi-CG for the Solution of Nonsymmetric Linear Systems},
  journal={SIAM Journal on Scientific and Statistical Computing},
  volume={13},
  number={2},
  pages={631--644},
  year={1992},
  doi={10.1137/0913035}
}

@article{Davis2004_UMFPACK,
  author={Davis, T. A.},
  title={Algorithm 832: {UMFPACK V4.3}---an unsymmetric-pattern multifrontal method},
  journal={ACM Transactions on Mathematical Software},
  volume={30},
  number={2},
  pages={196--199},
  year={2004},
  doi={10.1145/992200.992206}
}

@article{Chen2008_CHOLMOD,
  author={Chen, Y. and Davis, T. A. and Hager, W. W. and Rajamanickam, S.},
  title={Algorithm 887: {CHOLMOD}, Supernodal Sparse Cholesky Factorization and Update/Downdate},
  journal={ACM Transactions on Mathematical Software},
  volume={35},
  number={3},
  pages={1--14},
  year={2008},
  doi={10.1145/1391989.1391995}
}

@article{Dongarra1990_BLAS,
  author={Dongarra, J. J. and Du Croz, J. and Hammarling, S. and Duff, I. S.},
  title={A Set of Level 3 Basic Linear Algebra Subprograms},
  journal={ACM Transactions on Mathematical Software},
  volume={16},
  number={1},
  pages={1--17},
  year={1990},
  doi={10.1145/77626.79170}
}

@article{Cuthill1969,
  author={Cuthill, E. and McKee, J.},
  title={Reducing the bandwidth of sparse symmetric matrices},
  journal={Proceedings of the 1969 24th National Conference of the ACM},
  pages={157--172},
  year={1969},
  doi={10.1145/800195.805928}
}